<collection xmlns="http://www.loc.gov/MARC21/slim">
<record>
  <leader>01475nam0a22002891i 450 </leader>
  <controlfield tag="001">IT\ICCU\CNCE\069635</controlfield>
  <controlfield tag="005">20070201000000.0</controlfield>
  <datafield tag="012" ind1=" " ind2=" ">
    <subfield code="a">69o. a.te l-o- prsa (3) 1570 (R)</subfield>
    <subfield code="2">fei</subfield>
  </datafield>
  <datafield tag="100" ind1=" " ind2=" ">
    <subfield code="a">20070131d1570        0itac0103    ba</subfield>
  </datafield>
  <datafield tag="101" ind1=" " ind2=" ">
    <subfield code="a">ITA</subfield>
  </datafield>
  <datafield tag="102" ind1=" " ind2=" ">
    <subfield code="a">IT</subfield>
  </datafield>
  <datafield tag="200" ind1="1" ind2=" ">
    <subfield code="a">Legendario delle vite de&apos; santi composto in latino per il r.f. Iacopo de Voragine &amp; tradotto in volgare per il r.d. Nicol ̣Manerbio vinitiano; nel qual s&apos; ̈posti gli sommarii innanzi la vita di tutti li santi &amp; sonvi aggionte in margine molte cose sententiose, utili &amp; necessarie alla vita spirituale</subfield>
  </datafield>
  <datafield tag="210" ind1=" " ind2=" ">
    <subfield code="a">In Venetia</subfield>
    <subfield code="c">appresso Andrea Muschio</subfield>
    <subfield code="d">1570</subfield>
  </datafield>
  <datafield tag="215" ind1=" " ind2=" ">
    <subfield code="a">\8!, 728 p.</subfield>
    <subfield code="c">ill.</subfield>
    <subfield code="d">4ʻ</subfield>
  </datafield>
  <datafield tag="620" ind1=" " ind2=" ">
    <subfield code="a">IT</subfield>
    <subfield code="d">Venezia</subfield>
  </datafield>
  <datafield tag="700" ind1=" " ind2="0">
    <subfield code="a">Iacopo</subfield>
    <subfield code="c"> : da#Varazze</subfield>
    <subfield code="3">IT\ICCU\CNCA\006564</subfield>
  </datafield>
  <datafield tag="702" ind1=" " ind2="1">
    <subfield code="a">Malerbi,</subfield>
    <subfield code="b"></subfield>
    <subfield code="3">IT\ICCU\CNCA\010498</subfield>
  </datafield>
  <datafield tag="712" ind1="0" ind2="0">
    <subfield code="a">Muschio, Andrea</subfield>
    <subfield code="3">IT\ICCU\CNCT\000152</subfield>
    <subfield code="4">650</subfield>
  </datafield>
  <datafield tag="790" ind1=" " ind2="0">
    <subfield code="a">Iacopo</subfield>
    <subfield code="c"> : da#Varagine</subfield>
    <subfield code="3">IT\ICCU\CNCA\012025</subfield>
    <subfield code="z">Iacopo : da#Varazze</subfield>
  </datafield>
  <datafield tag="790" ind1=" " ind2="0">
    <subfield code="a">Jacobus</subfield>
    <subfield code="c"> : de#Voragine</subfield>
    <subfield code="3">IT\ICCU\CNCA\016071</subfield>
    <subfield code="z">Iacopo : da#Varazze</subfield>
  </datafield>
  <datafield tag="790" ind1=" " ind2="0">
    <subfield code="a">Giacomo</subfield>
    <subfield code="c"> : da#Varazze</subfield>
    <subfield code="3">IT\ICCU\CNCA\018588</subfield>
    <subfield code="z">Iacopo : da#Varazze</subfield>
  </datafield>
  <datafield tag="790" ind1=" " ind2="1">
    <subfield code="a">Manerbio,</subfield>
    <subfield code="b"></subfield>
    <subfield code="3">IT\ICCU\CNCA\016078</subfield>
    <subfield code="z"></subfield>
  </datafield>
  <datafield tag="790" ind1=" " ind2="1">
    <subfield code="a">Malermi,</subfield>
    <subfield code="b"></subfield>
    <subfield code="3">IT\ICCU\CNCA\020655</subfield>
    <subfield code="z"></subfield>
  </datafield>
  <datafield tag="790" ind1=" " ind2="1">
    <subfield code="a">Manerbi,</subfield>
    <subfield code="b"></subfield>
    <subfield code="3">IT\ICCU\CNCA\028707</subfield>
    <subfield code="z"></subfield>
  </datafield>
  <datafield tag="791" ind1="0" ind2="0">
    <subfield code="a">Muschius, Andreas</subfield>
    <subfield code="3">IT\ICCU\CNCT\005237</subfield>
    <subfield code="z">Muschio, Andrea</subfield>
  </datafield>
  <datafield tag="801" ind1=" " ind2="3">
    <subfield code="a">IT</subfield>
    <subfield code="b">ICCU</subfield>
    <subfield code="c">20201115</subfield>
  </datafield>
  <datafield tag="899" ind1=" " ind2=" ">
    <subfield code="a">Biblioteca comunale. Montalcino</subfield>
    <subfield code="1">SI0023</subfield>
    <subfield code="2">RT1 QO</subfield>
  </datafield>
</record>
</collection>
